@article{ward:jasa1963,
  title={Hierarchical grouping to optimize an objective function},
  author={Ward Jr, Joe H},
  journal={Journal of the American statistical association},
  volume={58},
  number={301},
  pages={236--244},
  year={1963},
  publisher={Taylor \& Francis}
}

@inproceedings{krauthgamer:soda2004,
  title={Navigating nets: simple algorithms for proximity search},
  author={Krauthgamer, Robert and Lee, James R},
  booktitle={Proceedings of the fifteenth annual ACM-SIAM symposium on Discrete algorithms},
  pages={798--807},
  year={2004},
  organization={Society for Industrial and Applied Mathematics}
}

@inproceedings{beygelzimer:icml2006,
  title={Cover trees for nearest neighbor},
  author={Beygelzimer, Alina and Kakade, Sham and Langford, John},
  booktitle={Proceedings of the 23rd international conference on Machine learning},
  pages={97--104},
  year={2006},
  organization={ACM}
}

@article{jackins:cgip1980,
  title={Oct-trees and their use in representing three-dimensional objects},
  author={Jackins, Chris L and Tanimoto, Steven L},
  journal={Computer Graphics and Image Processing},
  volume={14},
  number={3},
  pages={249--270},
  year={1980},
  publisher={Elsevier}
}

@article{finkel:ai197,
  title={Quad trees a data structure for retrieval on composite keys},
  author={Finkel, Raphael A. and Bentley, Jon Louis},
  journal={Acta informatica},
  volume={4},
  number={1},
  pages={1--9},
  year={1974},
  publisher={Springer}
}
  
  
@article{bentley:acm1975,
  title={Multidimensional binary search trees used for associative searching},
  author={Bentley, Jon Louis},
  journal={Communications of the ACM},
  volume={18},
  number={9},
  pages={509--517},
  year={1975},
  publisher={ACM}
}
