#A
@misc{adni,
    title = "http://www.loni.ucla.edu/ADNI/"
}

@inproceedings{agarwal:nips10,
    author = {A. Agarwal and H. Daum\'{e} and  S. Gerber },
    booktitle = {Twenty-Fourth Annual Conference on Neural Information
      Processing Systems (NIPS) },
    title = {{Learning Multiple Tasks using Manifold Regularization}},
    year = {2010}
}

@article{alexander:jcgs96,
title = "Treed Regression",
author = "William P. Alexander and Scott D. Grimshaw",
journal = "Journal of Computational and Graphical Statistics",
Volume = "5", 
Number = "2",
year = "1996", 
pages ="156-175"
}

 
@article{andrews:biom72,
     title = {Plots of High-Dimensional Data},
     author = {Andrews, D. F.},
     journal = {Biometrics},
     volume = {28},
     number = {1},
     pages = {125--136},
     year = {1972},
     publisher = {International Biometric Society},    
}

@article{apostolova:neurotherapeutics07,
journal ="Neurotherapeutics",
year = "2007",
volume = "4",
pages = "387¿400",
title = "Brain mapping as a tool to study neurodegeneration",
author = "Liana G. Apostolova and Paul M. Thompson",
}

@article{aran:iccv07,
  author       = "Arandjelovi{\'c}, O. and Cipolla, R.",
  year         = "2007",
  title        = "A Manifold Approach to Face Recognition from Low Quality Video Across Illumination and Pose using Implicit Super-Resolution",
  journal      = "ICCV",
  address      = "Rio de Janeiro, Brazil",
}


@article{ashburner:ni97,

	author = {Ashburner, J.  and Neelin, P.  and Collins, D. L.  and Evans, A.  and Friston, K. },
	journal = {NeuroImage},
	number = {4},
	pages = {344--352},
	title = {Incorporating Prior Knowledge into Image Registration},
	volume = {6},
	year = {1997}
}

@article{asimov:jssc85,
 author = {Asimov, Daniel},
 title = {The grand tour:  a tool for viewing multidimensional data},
 journal = {SIAM J. Sci. Stat. Comput.},
 volume = {6},
 number = {1},
 year = {1985},
 pages = {128--143},
 publisher = {Society for Industrial and Applied Mathematics},
 address = {Philadelphia, PA, USA},
 }

@article{avants:neuroimage04,
title = "Geodesic estimation for large deformation anatomical shape averaging and interpolation",
journal = "NeuroImage",
volume = "23",
number = "Supplement 1",
pages = "S139 - S150",
year = "2004",
author = "Brian Avants and James C. Gee",
}



#B
@book{bain:book91,
  author = "Lee J. Bain and Max Engelhardt",
  title = "Introduction to probability and mathematical statistics",
  year = "1991",
  publisher = "Duxbury",
}

@article{balasubramanian:science02,
  author = 	 {M. Balasubramanian and E. L. Schwartz},
  title = 	 {The Isomap Algorithm and Topological Stability},
  journal = 	 {Science},
  year = 	 {2002},
  volume = 	 {295},
  optnote = 	 {Technical Comments}
}

@article{baron:neuroimage01,
title = "In Vivo Mapping of Gray Matter Loss with Voxel-Based Morphometry in Mild Alzheimer's Disease",
journal = "NeuroImage",
volume = "14",
number = "2",
pages = "298 - 309",
year = "2001",
note = "",
author = "J. C. Baron and G. Chételat and B. Desgranges and G. Perchey and B. Landeau and V. de la Sayette and F. Eustache"
}

@article{barron:neurology76,
	Author = {Barron, Stepehen A. and Jacobs, Lawrence and Kinkel, William R.},
	Journal = {Neurology},
	Number = {11},
	Pages = {1011-},
	Title = {{Changes in size of normal lateral ventricles during aging determined by computerized tomography}},
	Volume = {26},
	Year = {1976}}

@article{barron:tit93,
  author    = {Andrew R. Barron},
  title     = {Universal approximation bounds for superpositions of a sigmoidal
               function},
  journal   = {IEEE Transactions on Information Theory},
  volume    = {39},
  number    = {3},
  year      = {1993},
  pages     = {930-945},
}

@inproceedings{barron:asa88,
  author = {Andrew R. Barron and Roger L. Barron}, 
  title ={ Statistical learning networks: A unifying view}, 
  editor ={E. Wegman}, 
  booktitle ={Computing Science and Statistics: Proceedings of the 20th Symposium
Interface},
  year = {1988},
  pages = {192-203},
  publisher = {American Statistical Association},
  address = { Washington, DC}
}

@article{baum:ams65,
	Author = {Baum, Leonard E. and Billingsley, Patrick},
	Classmath = {{*62E20 (Asymptotic distribution theory in statistics) }},
	Doi = {10.1214/aoms/1177699813},
	Journal = {Ann. Math. Stat.},
	Language = {English},
	Pages = {1835-1839},
	Title = {{Asymptotic distributions for the coupon collector's problem.}},
	Volume = {36},
	Year = {1965},
	Bdsk-Url-1 = {http://dx.doi.org/10.1214/aoms/1177699813}}

@article{Bederson02,
	Author = {B.B. Bederson and B. Shneiderman and M. Wattenberg},
	Date-Added = {2010-03-21 08:53:11 -0700},
	Date-Modified = {2010-03-21 08:54:53 -0700},
	Journal = {ACM Trans. on Graphics (TOG)},
	Month = {Oct.},
	Number = {4},
	Pages = {833-854},
	Title = {Ordered and Quantum Treemaps: Making Effective Use of 2D Space to Display Hierarchies},
	Volume = {21},
	Year = {2002}}


@article{beg:ijcv05, 
  author = {M. Faisal Beg and Michael I. Miller and Alain Trouv\'{e} and Laurent Younes}, 
  title = {Computing Large Deformation Metric Mappings via Geodesic Flows of Diffeomorphisms}, 
  journal = {Int. J. Comput. Vision}, 
  volume = {61},
  number = {2}, 
  year = {2005}, 
  pages = {139--157}, 
}

@book{bellman:book61,
  title={Adaptive control processes: a guided tour},
  author={Bellman, R.E.},
  series={Rand Corporation Research studies},
  year={1961},
  publisher={Princeton University Press}
}

@article{belkin:nc03,
 author = {Mikhail Belkin and Partha Niyogi},
 title = {Laplacian Eigenmaps for dimensionality reduction and data representation},
 journal = {Neural Comput.},
 volume = {15},
 number = {6},
 year = {2003},
 issn = {0899-7667},
 pages = {1373--1396},
 publisher = {MIT Press},
 address = {Cambridge, MA, USA},
}

@article{belkin:jmlr06,
 author = {Belkin, Mikhail and Niyogi, Partha and Sindhwani, Vikas},
 title = {Manifold Regularization: A Geometric Framework for Learning from Labeled and Unlabeled Examples},
 journal = {J. Mach. Learn. Res.},
 volume = {7},
 month = {December},
 year = {2006},
 issn = {1532-4435},
 pages = {2399--2434},
 url = {http://dl.acm.org/citation.cfm?id=1248547.1248632},
 publisher = {JMLR.org},
} 

@article{bengio:nc04,
 author = {Yoshua Bengio and Olivier Delalleau and Nicolas Le Roux and Jean-Francois Paiement and Pascal Vincent and Marie Ouimet},
 title = {Learning Eigenfunctions Links Spectral Embedding and Kernel PCA},
 journal = {Neural Comput.},
 volume = {16},
 number = {10},
 year = {2004},
 issn = {0899-7667},
 pages = {2197--2219},
 publisher = {MIT Press},
 address = {Cambridge, MA, USA}
}

@INPROCEEDINGS{bengio:nips04,
    author = {Yoshua Bengio and Jean-François Paiement and Pascal Vincent and Olivier Delalleau and Nicolas Le Roux and Marie Ouimet},
    title = {Out-of-Sample Extensions for LLE, Isomap, MDS, Eigenmaps, and Spectral Clustering},
    booktitle = {In Advances in Neural Information Processing Systems},
    year = {2004},
    pages = {177--184},
    publisher = {MIT Press}
}

@inproceedings{Beucher82,
	Author = {S. Beucher},
	Booktitle = {Proc. {IEEE} ICASSP},
	Date-Added = {2010-06-17 11:07:54 -0700},
	Date-Modified = {2010-06-17 11:22:56 -0700},
	Pages = {1928-1931},
	Title = {Watersheds of functions and picture segmentation},
	Year = {1982}
}


@ARTICLE{biau:it12, 
  author={Biau, G. and Fischer, A.}, 
  journal={Information Theory, IEEE Transactions on},
  title={Parameter Selection for Principal Curves}, 
  year={2012}, 
  month={march }, 
  volume={58}, 
  number={3}, 
  pages={1924 -1939}
}


@inproceedings{bickel:ims07,
  title = "Local Polynomial Regression on Unknown Manifolds",
  author = "Peter J. Bickel and Bo Li",
  volume = "54",
  publisher = "Institute of Mathematical Statistics
",
  booktitle = "Complex Datasets and Inverse Problems: Tomography, Networks and Beyond",
  year = "2007",
  pages = "177-186"
}

@book{billingsley:book95,
  author = {Patrick Billingsley},
  title = {Probability and Measure},
  year = { 1995},
  publisher = {Wiley},
  address = { New York, New York}
}

@article{bishop:jrss99,    
  author = {Christopher M. Bishop},    
  title = {Probabilistic principal component analysis},    
  journal = {Journal of the Royal Statistical Society, Series B},    
  year = {1999},    
  volume = {61},    
  pages = {611--622}
}

@book{bishop:book95,
  author = 	 {C. M. Bishop},
  title = 	 {Neural Networks for Pattern Recognition},
  publisher = 	 {Oxford University Press},
  year = 	 {1995}
}

@article{blezek:miccai07,
title = "Atlas stratification",
journal = "Medical Image Analysis",
volume = "11",
number = "5",
pages = "443 - 457",
year = "2007",
author = "Daniel J. Blezek and James V. Miller",
}

@inproceedings{Boyell63,
	Author = {Roger L. Boyell and H. Ruston},
	Booktitle = {Proc. 1963 Fall Joint Comp. Conf.},
	Date-Added = {2010-03-21 08:46:45 -0700},
	Date-Modified = {2010-03-21 08:46:45 -0700},
	Pages = {445--458},
	Title = {Hybrid Techniques for Real-time Radar Simulation},
	Year = {1963}}

@inproceedings{ brand:nips02,
  author = "M. Brand",
  title = "Charting a manifold",
  booktitle = {NIPS},
  year = {2002}
}

@book{breiman:book84,
	Address = {Monterey, CA},
	Author = {L. Breiman and J. Friedman and R. Olshen and C. Stone},
	Publisher = {Wadsworth and Brooks},
	Title = {{Classification and Regression Trees}},
	Year = {1984}}

@article{Bremer04J,
	Author = {P.-T. Bremer and H. Edelsbrunner and B. Hamann and V. Pascucci},
	Date-Added = {2010-03-21 08:42:43 -0700},
	Date-Modified = {2010-06-18 17:16:59 -0700},
	Journal = {{IEEE} Trans. on Vis. and Comp. Graphics},
	Number = {4},
	Pages = {385-396},
	Title = {A Topological Hierarchy for Functions on Triangulated Surfaces},
	Volume = {10},
	Year = {2004}}

@inproceedings{Bremer09escience,
	Author = {P.-T. Bremer and G. H. Weber and J. Tierny and V. Pascucci and M. Day and J. B. Bell},
	Booktitle = {Proc. {IEEE} International Conference on e-Science},
	Date-Added = {2010-03-21 08:42:17 -0700},
	Date-Modified = {2010-03-21 08:42:17 -0700},
	Month = {December},
	Organization = {IEEE},
	Pages = {247-254},
	Title = {A Topological Framework for the Interactive Exploration of Large Scale Turbulent Combustion},
	Year = {2009}}

@article{Bremer09tvcg,
	Author = {P.-T. Bremer and G. Weber and V. Pascucci and M. Day and J. Bell},
	Date-Added = {2010-03-21 08:42:17 -0700},
	Date-Modified = {2010-06-18 17:16:54 -0700},
	Journal = {{IEEE} Trans. on Vis. and Comp. Graphics},
	Number = {2},
	Pages = {248-260},
	Title = {Analyzing and Tracking Burning Structures in Lean Premixed Hydrogen Flames},
	Volume = {16},
	Year = {2010}}


@article{busatto:neurobiology03,
title = "A voxel-based morphometry study of temporal lobe gray matter reductions in Alzheimer's disease",
journal = "Neurobiology of Aging",
volume = "24",
number = "2",
pages = "221 - 231",
year = "2003",
note = "",
author = "Geraldo F. Busatto and Griselda E. J. Garrido and Osvaldo P. Almeida and Claudio C. Castro and Cândida H. P. Camargo and Carla G. Cid and Carlos A. Buchpiguel and Sergio Furuie and Cassio M. Bottino",
}   



#C  	  

@article{callen:neurology:01,
author ="Callen, D.J.A. and Black, S.E. and Gao, F. and Caldwell, C.B. and Szalai, J.P.",
title = "Beyond the hippocampus: MRI volumetry confirms widespread limbic
  atrophy in AD",
journal = "Neurology",
year = "2001",
volume ="57",
pages = "1669-1674",
}

@electronic{CAM,
	Date-Added = {2010-03-28 17:06:37 -0700},
	Date-Modified = {2010-03-29 12:52:08 -0700},
	Title = {http://www.ccsm.ucar.edu/models/atm-cam/},
	Bdsk-Url-1 = {http://www.ccsm.ucar.edu/models/atm-cam/}}

@Manual{CAM:Manual,
   title={UserÕs Guide to the NCAR Community Atmosphere Model (CAM 3.0)},
   author ={James R. McCaa and Mathew Rothstein and Brian E. Eaton 
           and James M. Rosinski and Erik Kluzek and Mariana Vertenstein},
   year={2004},
   note={Climate And Global Dynamics Division National
         Center For Atmospheric Research Boulder, Colorado, USA},         
}

@article{camastra:tpami02, 
  author = {Francesco Camastra and Alessandro Vinciarelli}, 
  title = {Estimating the Intrinsic Dimension of Data with a Fractal-Based Method}, 
  journal = {IEEE TPAMI}, 
  volume = {24}, 
  number = {10}, 
  year = {2002}, issn = {0162-8828}, 
  pages = {1404--1407}, 
  publisher = {IEEE Computer Society}, address = {Washington, DC, USA}, 
}

@article{Carr03,
	Author = {H. Carr and J. Snoeyink and U. Axen},
	Date-Added = {2010-03-21 08:43:41 -0700},
	Date-Modified = {2010-03-21 08:43:41 -0700},
	Journal = {Comput. Geom. Theory Appl.},
	Number = {3},
	Pages = {75--94},
	Title = {Computing contour trees in all dimensions},
	Volume = {24},
	Year = {2003}}

@inproceedings{Carr04vis,
	Author = {H. Carr and J. Snoeyink and M. van de Panne},
	Booktitle = {IEEE Visualization '04},
	Date-Added = {2010-03-21 08:43:41 -0700},
	Date-Modified = {2010-03-21 08:43:41 -0700},
	Pages = {497--504},
	Publisher = {IEEE Computer Society},
	Title = {Simplifying Flexible Isosurfaces Using Local Geometric Measures},
	Year = {2004}}

@inproceedings{Cazals03,
	Author = {F. Cazals and F. Cazal and T. Lewiner},
	Booktitle = {Proc. {ACM} Symposium on Computational Geometry (SOCG)},
	Date-Added = {2010-03-21 13:58:18 -0700},
	Date-Modified = {2010-03-21 14:01:31 -0700},
	Pages = {351-360},
	Title = {Molecular shape analysis based upon Morse-Smale complex and the connolly function},
	Year = {2003}}

@article{chang:tpami01,
 author = {Kui-Yu Chang and J. Ghosh},
 title = {A Unified Model for Probabilistic Principal Surfaces},
 journal = {IEEE TPAMI},
 volume = {23},
 number = {1},
 year = {2001},
 issn = {0162-8828},
 pages = {22--41},
 publisher = {IEEE Computer Society},
 address = {Washington, DC, USA},
 }

@article{chaudhuri:ss94,
	Author = {Probal Chaudhuri and Min-ching Huang and Wei-yin Loh and Ruji Yao},
	Journal = {Statistica Sinica},
	Pages = {143--167},
	Title = {Piecewise-polynomial regression trees},
	Volume = {4},
	Year = {1994}}
  
@techreport{Chazal09tech,
	Author = {F. Chazal and L.J. Guibas and S.Y. Oudot and P. Skraba},
	Date-Added = {2010-06-17 10:27:02 -0700},
	Date-Modified = {2010-06-17 10:28:52 -0700},
	Institution = {INRIA},
	Number = {RR-6968},
	Title = {Persistence-Based Clustering in Riemannian Manifolds},
	Year = {2009}}

@inproceedings{Chazal09soda,
	Author = {F. Chazal and L.J. Guibas and S.Y. Oudot and P. Skraba},
	Booktitle = {SODA '09: Proceedings of the twentieth Annual ACM-SIAM Symposium on Discrete Algorithms},
	Date-Added = {2010-06-17 10:23:46 -0700},
	Date-Modified = {2010-06-17 10:25:57 -0700},
	Pages = {1021--1030},
	Title = {Analysis of scalar fields over point cloud data},
	Year = {2009}}

@article{Cheng95,
	Author = {Y. Cheng},
	Date-Added = {2010-06-17 10:34:25 -0700},
	Date-Modified = {2010-06-17 10:35:38 -0700},
	Journal = {IEEE Trans. Pattern Anal. Mach. Intell.},
	Number = {8},
	Pages = {790--799},
	Title = {Mean Shift, Mode Seeking, and Clustering},
	Volume = {17},
	Year = {1995}}
  
@article{chou:neuroimage08,
title = "Automated ventricular mapping with multi-atlas fluid image alignment reveals genetic effects in Alzheimer's disease",
journal = "NeuroImage",
volume = "40",
number = "2",
pages = "615 - 630",
year = "2008",
note = "",
author = "Yi-Yu Chou and Natasha Leporé and Greig I. de Zubicaray and Owen T. Carmichael and James T. Becker and Arthur W. Toga and Paul M. Thompson"
}

@INPROCEEDINGS{chipman:ml00,
    author = {Hugh Chipman and Edward I. George and Robert E. McCulloch and Robert E},
    title = {Bayesian Treed Models},
    booktitle = {Machine Learning},
    year = {2000},
    pages = {299--320}
}

@article{chipman:aas10,
author="Chipman, Hugh A. and George, Edward I. and McCulloch, Robert E.",
title="{BART: Bayesian additive regression trees.}",
journal="Ann. Appl. Stat. ",
volume="4",
number="1",
pages="266-298",
year="2010"
}




@article{christensen:tmi96,	
  author = {Christensen, G. E.  and Rabbitt, R. D.  and Miller, M. I. },	
  journal = {IEEE {T}ransactions on {M}edical {I}maging},	
  pages = {1435--1447},	
  title = {Deformable {T}emplates {U}sing {L}arge {D}eformation {K}inematics},	
  volume = {5(10)},	
  year = {1996}
}

@article{cleveland:jasa79,
    author = {Cleveland, William S.},
    journal = {Journal of the American Statistical Association},
    number = {368},
    pages = {829--836},
    publisher = {American Statistical Association},
    title = {{Robust Locally Weighted Regression and Smoothing Scatterplots}},
    volume = {74},
    year = {1979}
}

@article{cleveland:as81,
	Author = {Cleveland, W. S.},
	Journal = {Amer. Statistician},
	Pages = {54},
	Title = {{LOWESS: A Program for Smoothing Scatterplots by Robust Locally Weighted Regression}},
	Volume = {35},
	Year = {1981}}


@article{Comaniciu02,
	Author = {D. Comaniciu and P. Meer},
	Date-Added = {2010-06-17 10:29:50 -0700},
	Date-Modified = {2010-06-17 10:32:16 -0700},
	Journal = {IEEE TPAMI},
	Pages = {603--619},
	Title = {Mean shift: A robust approach toward feature space analysis},
	Volume = {24},
	Year = {2002}}

@book{chung:book94,
  author = 	 {F. R. K. Chung},
  ALTeditor = 	 {},
  title = 	 {Spectral Graph Theory},
  publisher = 	 {AMS},
  year = 	 {1994},

}

@article{chung:neuroimage01,
title = "A Unified Statistical Approach to Deformation-Based Morphometry",
journal = "NeuroImage",
volume = "14",
number = "3",
pages = "595 - 606",
year = "2001",
note = "",
author = "M. K. Chung and K. J. Worsley and T. Paus and C. Cherif and D. L. Collins and J. N. Giedd and J. L. Rapoport and A. C. Evans",
}

@article{costa:tsp04,    
  author = {Jose A. Costa and Student Member and Alfred O. Hero},    
  title = {Geodesic entropic graphs for dimension and entropy estimation in manifold learning},    
  journal = {IEEE Trans. on Signal Processing},    
  year = {2004},    
  volume = {52},    
  pages = {2210--2221}
}

@article{Cohen07,
	Author = {D. Cohen-Steiner and H. Edelsbrunner and J. Harer},
	Journal = {Discrete Comput. Geom.},
	Number = {1},
	Pages = {103--120},
	Title = {Stability of Persistence Diagrams},
	Volume = {37},
	Year = {2007}}


@article{corsten:biometrics76,
	title = {Graphical exploration in comparing covariance matrices},
	author = {Corsten, L.C.A. and Gabriel, K.R.},
	year = {1976},
        Journal = {Biometrics},
        Volume = {32}, 
        Number = {4},
        Month = {Dec.},
        Pages = {851-863}
}


@book{cox:book94,
  author = 	 {Trevor F. Cox and Michael A. A. Cox},
  title = 	 {Multidimensional Scaling},
  publisher = 	 {Chapman and Hall},
  year = 	 {1994},
  address = {London},
  series = {Monographs on Statistics and Applied Probability 59}
}




#D 
@article{dai:04,
   author = {Jian J. Dai and Linh Lieu and David Rocke},
    title = "Dimension Reduction for Classification with Gene Expression Microarray Data",
  journal = {Statistical Applications in Genetics and Molecular Biology},
     year = 2006,
    volume = 5,
    pages = {393-398}
}


@article{das:pnas06,
	author = {Payel Das and Mark Moll and Hernan Stamati and Lydia E. Kavraki and Cecilia Clementi},
	journal = {PNAS},
	keywords = {cpjc},
	number = {26},
	pages = {9885--9890},
	title = {Low-dimensional, free-energy landscapes of protein-folding reactions by nonlinear dimensionality reduction},
	url = {http://www.pnas.org/cgi/content/abstract/103/26/9885},
	volume = {103},
	year = {2006}
}

@article{davatzikos:neuroimage01,
title = "Voxel-Based Morphometry Using the RAVENS Maps: Methods and Validation Using Simulated Longitudinal Atrophy",
journal = "NeuroImage",
volume = "14",
number = "6",
pages = "1361 - 1369",
year = "2001",
note = "",
author = "Christos Davatzikos and Ahmet Genc and Dongrong Xu and Susan M. Resnick"
}

@article{Davatzikos:neurobiology08,
title = "Detection of prodromal Alzheimer's disease via pattern classification of magnetic resonance imaging",
journal = "Neurobiology of Aging",
volume = "29",
number = "4",
pages = "514 - 523",
year = "2008",
author = "Christos Davatzikos and Yong Fan and Xiaoying Wu and Dinggang Shen and Susan M. Resnick",
}

@inproceedings{davis:iccv07,	
  author = {Davis, B. C.  and Fletcher, P. T.  and Bullitt, E.  and Joshi, S. },	
  booktitle = {ICCV},	
  title = {Population Shape Regression From Random Design Data},	
  year = {2007}
}

@article{delicado:jma01,
title = "Another Look at Principal Curves and Surfaces",
journal = "Journal of Multivariate Analysis",
volume = "77",
number = "1",
pages = "84 - 116",
year = "2001",
author = "Pedro Delicado"
}




@inproceedings{Digabel78,
	Author = {H. Digabel and C. Lantuejoul},
	Booktitle = {Proc. Symp. Quantitative Analysis of Microstructures in Material Science, Biology and Medicine},
	Date-Added = {2010-06-17 10:54:25 -0700},
	Date-Modified = {2010-06-17 10:56:52 -0700},
	Pages = {85-99},
	Title = {Iterative Algorithms},
	Year = {1978}}


@article{donoho:ams00,
author = {David L. Donoho},
title = {Aide-Memoire. High-Dimensional Data Analysis: The Curses and Blessings of Dimensionality},
year = {2000},
journal = {American Mathematical Society: Math Challenges of the 21st Century}
}

@article{donoho:hlle03,
  title={Hessian eigenmaps: locally linear embedding techniques for high dimensional data},
  author={D. Donoho and C. Grimes},
  journal={Proc. of N. A. of Sciences},
  volume=100,
  number=10,
  pages={5591-5596},
  year=2003
}

@article{donoho:jmiv05, 
  author = {David L. Donoho and Carrie Grimes}, 
  title = {Image Manifolds which are Isometric to Euclidean Space}, 
  journal = {J. Math. Imaging Vis.}, 
  volume = {23}, 
  number = {1}, 
  year = {2005}, issn = {0924-9907}, 
  pages = {5--24}, 
  publisher = {Kluwer Academic Publishers}, 
  address = {Norwell, MA, USA}, 
}

@article{dubb:ar05,
title = "Characterization of brain plasticity in schizophrenia using template deformation1",
journal = "Academic Radiology",
volume = "12",
number = "1",
pages = "3 - 9",
year = "2005",
author = "Abraham Dubb and Zhiyong Xie and Ruben Gur and Raquel Gur and James Gee",
}

@TECHREPORT{duchamp:tech93,
    author = {Tom Duchamp and Werner Stuetzle},
    title = {The Geometry of Principal Curves in the Plane},
    year = {1993}
}

@article{duchamp:as96,
     title = {Extremal Properties of Principal Curves in the Plane},
     author = {Duchamp, Tom and Stuetzle, Werner},
     journal = {The Annals of Statistics},
     volume = {24},
     number = {4},
     pages = {1511--1520},
     year = {1996},
     publisher = {Institute of Mathematical Statistics},    
}

@article{dupuis:amath98, 
  author = {Paul Dupuis and Ulf Grenander}, 
  title = {Variational problems on flows of diffeomorphisms for image matching}, 
  journal = {Q. Appl. Math.}, 
  volume = {LVI}, 
  number = {3}, 
  year = {1998}, 
  pages = {587--600},
}





#E
@Manual{earthpackage,
  title = {Earth: Multivariate Adaptive Regression Spline Models},
  author = {S. Milborrow and derived from code by T. Hastie and R. Tibshirani},
  year = {2007},
  note={R package available at \url{http://cran.r-project.org/src/contrib/Descriptions/earth.html}}
}

@article{Edelsbrunner03J,
	Author = {H. Edelsbrunner and J. Harer and A. Zomorodian},
	Date-Added = {2010-03-21 08:51:39 -0700},
	Date-Modified = {2010-03-21 08:51:39 -0700},
	Journal = {Discrete Comput. Geom.},
	Pages = {87-107},
	Title = {Hierarchical {M}orse-{S}male Complexes for Piecewise Linear 2-Manifolds},
	Volume = {30},
	Year = {2003}}

@inproceedings{Edelsbrunner03socg,
	Author = {H. Edelsbrunner and J. Harer and V. Natarajan and V. Pascucci},
	Booktitle = {Proc. 19th Sympos. Comput. Geom.},
	Date-Added = {2010-03-21 13:55:31 -0700},
	Date-Modified = {2010-03-21 13:55:31 -0700},
	Pages = {361-370},
	Title = {{M}orse-{S}male Complexes for Piecewise Linear 3-Manifolds},
	Year = {2003}}

@inproceedings{Edelsbrunner06,
	Author = {H. Edelsbrunner and D. Morozov and V. Pascucci},
	Booktitle = {Proc. {ACM} Symposium on Computational Geometry (SOCG)},
	Date-Added = {2010-03-21 14:07:39 -0700},
	Date-Modified = {2010-03-21 14:09:22 -0700},
	Pages = {127-134},
	Title = {Persistence-sensitive simplification of functions on 2-manifolds},
	Year = {2006}}

@ARTICLE{ericsson:bi08,
title={Construction of a patient-specific atlas of the brain: Application to normal aging},
author={Ericsson, A. and Aljabar, P. and Rueckert, D.},
journal={ISBI},
year={2008},
volume={},
number={},
pages={480-483},

}

@inproceedings{etyngier:ssvm07,
        AUTHOR = "Etyngier, P. and Keriven, R. and Pons, J.P.",
        TITLE = "Towards Segmentation Based on a Shape Prior Manifold",
        BOOKTITLE = "SSVM",
        YEAR = "2007",
        PAGES = "895-906"
}


@ARTICLE{etyngier:iccv07,
title={Shape Priors using Manifold Learning Techniques},
author={Etyngier, P. and Segonne, F. and Keriven, R.},
journal={ ICCV},
year={2007},
}




#F
@book{falconer:book97,
  author = {Kenneth Falconer},
  title ={Techniques in Fractal Geometry},
  year = {1997},
  publisher = {Wiley}, 
  address = {New York, New York}
}


@article{falissard:jcgs99,
     title = {Focused Principal Component Analysis: Looking at a Correlation Matrix with a Particular Interest in a Given Variable},
     author = {Falissard, Bruno},
     journal = {Journal of Computational and Graphical Statistics},
     volume = {8},
     number = {4},
     pages = {pp. 906-912},
     year = {1999},
     publisher = {American Statistical Association, Institute of Mathematical Statistics, and Interface Foundation of America}
}


@article{fan:neuroimage08,
title = "Spatial patterns of brain atrophy in MCI patients, identified via high-dimensional pattern classification, predict subsequent cognitive decline",
journal = "NeuroImage",
volume = "39",
number = "4",
pages = "1731 - 1743",
year = "2008",
note = "",
author = "Yong Fan and Nematollah Batmanghelich and Chris M. Clark and Christos Davatzikos",
}

@INPROCEEDINGS{farahmand:icml07,    
  author = {Amir Massoud Farahmand and Csaba Szepesvri and Jean-Yves Audibert},    
  title = {Manifold-adaptive dimension estimation},    
  booktitle = {ICML},    
  year = {2007},    
  pages = {265--272},    
  publisher = {ACM Press}
}

@BOOK{federer:book69,
    AUTHOR    = "Herbert Federer",
    TITLE     = "Geometric Measure Theory",
    PUBLISHER = "Springer",
    ADDRESS   = "NY",
    YEAR      = "1969"
}

@ARTICLE{feng:icip07,
title={3D Human Motion Tracking using Manifold Learning},
author={Feng Guo and Gang Qian},
journal={ICIP 2007},
year={2007},
volume={1},
number={},
pages={I -357-I -360}
}

@INPROCEEDINGS{ferrant:miccai01,    
  author = {Matthieu Ferrant and Olivier Cuisenaire and Benot Macq and Martha E. Shenton and Ron Kikinis and B- Louvain-la-neuve},    
  title = {Surface based atlas matching of the brain using deformable surfaces and volumetric finite elements},    
  booktitle = {In MICCAI},    
  year = {2001},    
  pages = {1352--1353}
}

@article{flanders:amm73,
    author = {Flanders, Harley},
    journal = {The American Mathematical Monthly},
    number = {6},
    pages = {615--627},
    publisher = {Mathematical Association of America},
    title = {Differentiation Under the Integral Sign},
    volume = {80},
    year = {1973}
}

@ARTICLE{fletcher:cvpr03,
title={Statistics of shape via principal geodesic analysis on Lie groups},
author={Fletcher, P.T. and Conglin Lu and Joshi, S.},
journal={Computer Vision and Pattern Recognition, 2003. Proceedings. 2003 IEEE Computer Society Conference on},
year={2003},
volume={1},
number={},
pages={ I-95-I-101 vol.1},
ISSN={1063-6919 }, 
}

@ARTICLE{fletcher:tmi2004,
  AUTHOR =       "P. T. Fletcher and C. Lu and S. M. Pizer and S. Joshi",
  TITLE =        "Principal geodesic analysis for the study of nonlinear statistics of shape",
  JOURNAL =      "IEEE Transactions on Medical Imaging",
  YEAR =         "2004",
  volume =       "23",
  number =       "8",
  pages =        "995--1005",
}

@inproceedings{Forman02,
	Author = {R. Forman},
	Booktitle = {S{\'e}minare Lotharinen de Combinatore},
	Date-Added = {2010-03-21 14:04:31 -0700},
	Date-Modified = {2010-03-21 14:05:37 -0700},
	Title = {A user's guide to discrete Morse theory},
	Volume = {48},
	Year = {2002}}

@ARTICLE{friedman:tc74, 
author={Friedman, J.H. and Tukey, J.W.}, 
journal={Computers, IEEE Transactions on}, 
title={A Projection Pursuit Algorithm for Exploratory Data Analysis}, 
year={1974}, 
volume={C-23}, 
number={9}, 
pages={ 881 - 890}, 
}

@article{friedman:as91,
	Author = {Friedman, Jerome H.},
	Fjournal = {The Annals of Statistics},
	Journal = {Ann. Statist.},
	Note = {With discussion and a rejoinder by the author},
	Number = {1},
	Pages = {1--141},
	Title = {Multivariate adaptive regression splines},
	Volume = {19},
	Year = {1991}}


@article{friendly:tas02,
author = {Friendly, Michael},
    journal = {The American Statistician},
    month = {nov},
    number = {4},
    pages = {316--324},
    title = {{Corrgrams: Exploratory displays for correlation matrices}},
    volume = {56},
    year = {2002}
}
 
@article{fuchs:cvprw08,
author = {Matthias Fuchs and Samuel Gerber},
title = {Variational shape detection in microscope images based on joint shape and image feature statistics},
journal ={Computer Vision and Pattern Recognition Workshop},
volume = {0},
year = {2008},
pages = {1-8},
publisher = {IEEE Computer Society},
address = {Los Alamitos, CA, USA},
}
 
@article{fukunage:it75,
  author = {Fukunaga, K.  and Hostetler, L. },
	booktitle = {Information Theory, IEEE Transactions on},
	citeulike-article-id = {2490640},
	journal = {Information Theory, IEEE Transactions on},
	keywords = {mean-shift, pattern\_recognition},
	number = {1},
	pages = {32--40},
	posted-at = {2008-03-12 17:27:05},
	priority = {0},
	title = {The estimation of the gradient of a density function, with applications in pattern recognition},
	url = {http://ieeexplore.ieee.org/xpls/abs\_all.jsp?arnumber=1055330},
	volume = {21},
	year = {1975}
}

@book{Fukunaga90,
	Author = {K. Fukunaga},
	Date-Added = {2010-06-17 10:51:43 -0700},
	Date-Modified = {2010-06-17 10:52:59 -0700},
	Edition = {2nd},
	Publisher = {Academic Press},
	Title = {Introduction to statistical pattern recognition},
	Year = {1990}}

@article{Fukunaga75,
	Author = {K. Fukunaga and L.D. Hostetler},
	Date-Added = {2010-06-17 10:48:10 -0700},
	Date-Modified = {2010-06-17 10:51:41 -0700},
	Journal = {{IEEE} Trans. Information Theory},
	Pages = {32--40},
	Title = {The estimation of the gradient of a density function, with applications in pattern recognition},
	Volume = {21},
	Year = {1975}}





#G
@article{gamez:npg04,
   author = { A. J. G\'{a}mez and C. S. Zhou and  A. Timmermann and J. Kurths },
    title = "{Nonlinear dimensionality reduction in climate data}",
  journal = {Nonlinear Processes in Geophysics},
     year = 2004,
   volume = 11,
    pages = {393-398},
}

@article{garrido:ann99,
  author = 	 {Lluis Garrido, Sergio Gomez, Jaume Roca},
  title = 	 {Non-Linear Dimensionality Reduction with Input Distances Preservation},
  journal = 	 {ANN},
  year = 	 {1999},
  optnumber = 	 {470}
}

@article{gelman:jcgs04, 
  title={Exploratory Data Analysis for Complex Models}, 
  volume={13}, 
  number={4}, 
  journal={Journal of Computational and Graphical Statistics}, 
  publisher={American Statistical Association}, 
  author={Gelman, Andrew}, 
  year={2004}, 
  pages={755--779}
}

@misc{gene-smd,
    title = "http://smd.stanford.edu/"
}

@misc{gene-geo,
    title = "http://www.ncbi.nlm.nih.gov/geo/"
}

@misc{gene-genevestigator,
    title = "https://www.genevestigator.com/"
}

@article{genovese:arxiv10,
   author = {{Genovese}, C.~R. and {Perone-Pacifico}, M. and {Verdinelli}, I. and 
	{Wasserman}, L.},
    title = "{Minimax Manifold Estimation}",
  journal = {ArXiv e-prints},
     year = 2010,
}



@Article{gerber:vis10,
	author=     {S. Gerber and P.-T. Bremer and V. Pascucci and
                     R.T. Whitaker},
	title =     {Visual Exploration of High Dimensional Scalar
                     Functions},
	journal =   {IEEE Transactions on Visualization and Computer Graphics},
	pages =     {1271--1280},
	year =      {2010},
	series =    {IEEE Transactions on Visualization and Computer Graphics},
	volume =    {16},
	number =    {6},
}


@inproceedings{gerber:miccai09,
 author = {Gerber, Samuel and Tasdizen, Tolga and Joshi, Sarang and Whitaker, Ross},
 title = {On the Manifold Structure of the Space of Brain Images},
 booktitle = {Proceedings of the 12th International Conference on Medical Image Computing and Computer-Assisted Intervention: Part I},
 series = {MICCAI '09},
 year = {2009},
 pages = {305--312},
 publisher = {Springer-Verlag},
 address = {Berlin, Heidelberg},
} 


@article{gerber:media10,
 author = "Samuel Gerber and Tolga Tasdizen and P. Thomas Fletcher and Sarang Joshi and Ross Whitaker",
 title = "Manifold modeling for brain population analysis",
 journal = "Medical Image Analysis",
 volume = "14",
 number = "5",
 pages = "643 - 653",
 year = "2010",
} 
  
@inproceedings{gerber:icml07,
  author =    "S. Gerber and T. Tasdizen and R.T. Whitaker",
  title =     "Robust Non-linear Dimensionality Reduction using
              Successive 1-Dimensional Laplacian Eigenmaps",
  booktitle = "Proceedings of the 2007 International Conference
              on Machine Learning (ICML)",
  pages =     "281--288",
  year =      "2007",
}

@InProceedings{gerber:iccv09,
  author={Gerber, S. and Tasdizen, T. and Whitaker, R.},
  booktitle={Computer Vision, 2009 IEEE 12th International Conference on},
  title={Dimensionality reduction and principal surfaces via Kernel Map Manifolds},
  year={2009},
  month={10},
  volume={},
  number={},
  pages={529-536},
}

@article{gerber:jcgs12,
  author =    "S. Gerber and O. R{\"u}bel and P.-T. Bremer and V. Pascucci and R.T. Whitaker",
  title =     "Morse-Smale Regression",
  journal =    "Journal of Computational and Graphical Statistics",
  pages =     "Accepted",
  year =      "2012",
}

@article{gerber:jss11,
  author =    "Samuel Gerber and Kristin Potter",
  title =     "Data Analysis with the Morse-Smale Complex: The msr Package for R",
  journal = "Journal of Statistical Software",
  pages =     "Accepted",
  year =      "2011",
}


@article{gerber:jmlr12,
  author =    "Samuel Gerber and Ross Whitaker",
  title =     "Regularization-Free Principal Curve Estimation",
  journal = "Journal of Machine Learning Research",
  pages =     "Accepted",
  year =      "2012",
}

@Manual{R:cems,
    title = {cems: Conditional expectation manifolds},
    author = {Samuel Gerber},
    year = {2011},
    note = {R package version 0.0},
    url = {http://CRAN.R-project.org/package=cems},
}

@Manual{R:msr,
    title = {msr: Morse-Smale approximation, regression and visualization},
    author = {Samuel Gerber and Kristi Potter and Oliver Ruebel},
    year = {2011},
    note = {R package version 0.1},
    url = {http://CRAN.R-project.org/package=msr},
  }

@article{gunther:tvcg07,
  author = {Gunther Weber and Peer-Timo Bremer and Valerio Pascucci},
  title = {Topological Landscapes: A Terrain Metaphor for Scientific Data},
  journal ={IEEE Transactions on Visualization and Computer Graphics},
  volume = {13},
  year = {2007},
  pages = {1416-1423},
  publisher = {IEEE Computer Society},
  address = {Los Alamitos, CA, USA},
}

@Article{gyulassy:tvcg07,
  author =    "A. Gyulassy and V. Natarajan and B. Hamann and V.
              Pascucci",
  title =     "Efficient Computation of Morse-Smale Complexes for
              Three-dimensional Scalar Functions",
  journal =   "IEEE Transactions on Visualization and Computer
              Graphics",
  year =      "2007",
  note =      "(presented at IEEE VIS 2007)",
}

@article{Gyulassy08tvcg,
	Author = {A. Gyulassy and P.-T. Bremer and V. Pascucci and B. Hamann},
	Date-Added = {2010-03-21 13:56:00 -0700},
	Date-Modified = {2010-06-18 17:16:41 -0700},
	Journal = {{IEEE} TVCG},
	Number = {6},
	Pages = {1619-1626},
	Title = {A Practical Approach to {M}orse-{S}male Complex Computation: Scalability and Generality},
	Volume = {14},
	Year = {2008}}

@inproceedings{Gyulassy05Vis,
	Author = {A. Gyulassy and V. Natarajan and V. Pascucci and P.-T. Bremer and B. Hamann},
	Booktitle = {Proceedings of the IEEE Visualization 2005 (VIS'05)},
	Date-Added = {2010-03-21 08:43:05 -0700},
	Date-Modified = {2010-03-21 08:43:05 -0700},
	Pages = {535--542},
	Publisher = {IEEE Computer Society},
	Title = {Topology-based Simplification for Feature Extraction from 3{D} Scalar Fields},
	Year = {2005}}

@article{Gyulassy06tvcg,
	Author = {A. Gyulassy and V. Natarajan and V. Pascucci and P.-T. Bremer and B. Hamann},
	Date-Added = {2010-03-21 08:43:05 -0700},
	Date-Modified = {2010-06-18 17:17:01 -0700},
	Journal = {{IEEE} TVCG},
	Number = {4},
	Pages = {474--484},
	Title = {Topology-based Simplification for Feature Extraction from 3{D} Scalar Fields},
	Volume = {12},
	Year = {2006}}

@article{Gyulassy07atvcg,
	Author = {A. Gyulassy and V. Natarajan and V. Pascucci and B. Hamann},
	Date-Added = {2010-03-21 08:43:05 -0700},
	Date-Modified = {2010-06-18 17:03:23 -0700},
	Journal = {IEEE TVCG},
	Number = {6},
	Pages = {1440--1447},
	Title = {Efficient Computation of {M}orse-{S}male Complexes for Three-dimensional Scalar Functions},
	Volume = {13},
	Year = {2007}}

@article{Gyulassy07btvcg,
	Author = {A. Gyulassy and M. Duchaineau and V. Natarajan and V. Pascucci and E.Bringa and A. Higginbotham and B. Hamann},
	Date-Added = {2010-03-21 08:43:05 -0700},
	Date-Modified = {2010-06-18 17:03:24 -0700},
	Journal = {IEEE TVCG},
	Number = {6},
	Pages = {1432--1439},
	Title = {Topologically Clean Distance Fields},
	Volume = {13},
	Year = {2007}}

@inbook{Gyulassy09topo,
	Author = {A. Gyulassy and P.-T. Bremer and V. Pascucci and B. Hamann},
	Booktitle = {Proc. 3rd of TopoInVis Workshop},
	Date-Added = {2010-03-21 08:43:05 -0700},
	Date-Modified = {2010-03-21 08:43:05 -0700},
	Note = {to appear},
	Publisher = {Springer},
	Series = {Mathematics and Visualization},
	Title = {Practical Considerations in Morse-Smale Complex Computation},
	Year = {2010}
}





#H
@article{haber:ip04,
	author = {Haber, Eldad   and Modersitzki, Jan  },
	journal = {Inverse Problems},
	number = {5},
	pages = {1621--1638},
	title = {Numerical methods for volume preserving image registration},
	volume = {20},
	year = {2004}
}

@Article{hall:jrss05,
  author={P. Hall and J. S. Marron and A. Neeman},
  title={Geometric representation of high dimension, low sample size data},
  journal={Journal Of The Royal Statistical Society Series B},
  year=2005,
  volume={67},
  number={3},
  pages={427-444},
}


@ARTICLE{Handl:ClusterVali,
  author = {J. Handl and J. Knowles and D. B. Kell},
  title = {Computational cluster validation in post-genomic data analysis},
  journal = {Bioinformatics},
  year = {2005},
  volume = {21},
  pages = {3201--3212},
  number = {15},
  address = {Oxford, UK},
  publisher = {Oxford University Press},
}


@article{hardle:as85,
    author = {Wolfgang H\"ardle and James Stephen Marron},
    title = {Optimal bandwidth selection in nonparametric regression function estimation},
    journal = {Annals of Statistics},
    year = {1985},
    number = {4},
    volume = {13}
}


@article{hastie:diss84,
author = {Trevor Hastie},
title = {Principal Curves and Surfaces},
year = {1984},
journal = {Ph.D Dissertation}
}

@article{hastie:jasa89,
     title = {Principal Curves},
     author = {Hastie, Trevor and Stuetzle, Werner},
     journal = {Journal of the American Statistical Association},
     volume = {84},
     number = {406},
     pages = {502--516},
     year = {1989},
     publisher = {American Statistical Association},    
}

@book{hastie:book09,
  author = {Trevor Hastie and Robert Tibshirani and Jerome Friedman},
  edition = 2,
  publisher = {Springer},
  title = {The elements of statistical learning: data mining, inference and prediction},
  year = 2009,
}


@book{Hartley:2003,
   author={Richard Hartley and Andrew Zisserman},
   title={Multiple View Geometry},
   edition={Second},
   year={2003},
   publisher={Cambridge University Press},
}

@inproceedings{Harvey10,
	Author = {W. Harvey and Y. Wang},
	Booktitle = {Proc. Symposium on Visualization},
	Pages = {to appear},
	Title = {Generating and Exploring a Collection of Topological Landscapes for Visualization of Scalar-Valued Functions},
	Volume = {29},
	Year = {2010}}





@article{hawkes:ci07,
	Author = {Evatt R. Hawkes and Ramanan Sankaran and James C. Sutherland and Jacqueline H. Chen},
	Journal = {Proceedings of the Combustion Institute},
	Number = {1},
	Pages = {1633 - 1640},
	Title = {Scalar mixing in direct numerical simulations of temporally evolving plane jet flames with skeletal CO/H2 kinetics},
	Volume = {31},
	Year = {2007}}

@article{heckemann:ni06,
	address = {Imaging Sciences Department, MRC Clinical Sciences Centre, Imperial College at Hammersmith Hospital Campus, Du Cane Road, London W12 0HS, UK.},
	author = {Heckemann, Rolf  A.  and Hajnal, Joseph  V.  and Aljabar, Paul   and Rueckert, Daniel   and Hammers, Alexander  },
	journal = {Neuroimage},
	title = {Automatic anatomical brain MRI segmentation combining label propagation and decision fusion.},
	year = {2006}
}






@inproceedings{hill:miccai02,
 author = {Derek L. G. Hill and Joseph V. Hajnal and Daniel Rueckert and S. M. Smith and Thomas Hartkens and K. McLeish},
 title = {A Dynamic Brain Atlas},
 booktitle = {MICCAI},
 year = {2002},
 pages = {532--539},
}

@inproceedings{hinton:ann02,
  author = 	 {G. Hinton and S. T. Roweis},
  title = 	 {Stochastic Neighbor Embedding},
  booktitle = {NIPS},
  pages = 	 {833--840},
  year = 	 {2002}
}

@article{hinton:science06,
  title="Reducing the Dimensionality of Data with Neural Networks",
  author="Geoff E. Hinton and Ruslan R. Salakhutdinov",
  year="2006",
  journal = 	 {Science},
  volume = 	 {313},
  pages = {504 - 507},
  number = 	 {5786},
}

@article{hoeffding:asa63,
     title = {Probability Inequalities for Sums of Bounded Random Variables},
     author = {Hoeffding, Wassily},
     journal = {Journal of the American Statistical Association},
     volume = {58},
     number = {301},
     pages = {13--30},
     url = {http://www.jstor.org/stable/2282952},
     ISSN = {01621459},
     publisher = {American Statistical Association},
     year = {1963},
}

@article{hoffmann:iv02,
 author = {Hoffman, Patrick E. and Grinstein, Georges G.},
 title = {A survey of visualizations for high-dimensional data mining},
 year = {2002},
 pages = {47--82},
 publisher = {Morgan Kaufmann Publishers Inc.},
 address = {San Francisco, CA, USA},
 }

@article{hoerl:technometrics70,
     title = {Ridge Regression: Biased Estimation for Nonorthogonal Problems},
     author = {Hoerl, Arthur E. and Kennard, Robert W.},
     journal = {Technometrics},
     volume = {12},
     number = {1},
     pages = {pp. 55-67},
     year = {1970},
     publisher = {American Statistical Association and American Society for Quality},
    }

@ARTICLE{hothorn:jccs05,
    author = {Torsten Hothorn and Kurt Hornik and Achim Zeileis},
    title = {Unbiased recursive partitioning: A conditional inference framework},
    journal = {Journal of Computational and Graphical Statistics},
    year = {2005},
    volume = {2006},
    pages = {651--674}
}

@article{hsu:tnn02,
    author = {Chih-Wei Hsu and Chih-Jen Lin},
    title = {A Comparison of Methods for Multiclass Support Vector Machines},
    year = {2002},
    journal={IEEE Transaction on Neural Networks},
    volume={13},
    number={2},
    pages={415--425}
}

@article{hua:neuroimage08,
title = "3D characterization of brain atrophy in Alzheimer's disease and mild cognitive impairment using tensor-based morphometry",
journal = "NeuroImage",
volume = "41",
number = "1",
pages = "19 - 34",
year = "2008",
note = "",
author = "Xue Hua and Alex D. Leow and Suh Lee and Andrea D. Klunder and Arthur W. Toga and Natasha Lepore and Yi-Yu Chou and Caroline Brun and Ming-Chang Chiang and Marina Barysheva and Clifford R. Jack Jr. and Matt A. Bernstein and Paula J. Britson and Chadwick P. Ward and Jennifer L. Whitwell and Bret Borowski and Adam S. Fleisher and Nick C. Fox and Richard G. Boyes and Josephine Barnes and Danielle Harvey and John Kornak and Norbert Schuff and Lauren Boreta and Gene E. Alexander and Michael W. Weiner and Paul M. Thompson and the Alzheimer's Disease Neuroimaging Initiative"
}


@article{hyafil:ipl76,
title = "Constructing Optimal Binary Decision Trees is NP-Complete",
journal = "Information Processing Letters",
volume = "5",
number = "1",
year = "1976",
author = "Laurent Hyafil and Ronald L. Rivest"
}



#I

@article{inselberg:vc85,
	Author = {Inselberg, Alfred},
	Journal = {The Visual Computer},
	Month = {August},
	Number = {2},
	Pages = {69--91},
	Title = {The plane with parallel coordinates},
	Volume = {1},
	Year = {1985}}

@article{Itoh95,
	Author = {Takayuki Itoh and Koji Koyamada},
	Date-Added = {2010-03-21 08:47:38 -0700},
	Date-Modified = {2010-03-21 08:47:38 -0700},
	Journal = {IEEE Trans. Vis. and Comp. Graph.},
	Keywords = {Isosurfaces - Continuation / Seeding},
	Number = {4},
	Pages = {319--327},
	Publisher = {IEEE},
	Title = {Automatic Isosurface Propagation Using an Extrema Graph and Sorted Boundary Cell Lists},
	Volume = {1},
	Year = {1995}}


#J
@book{jaynes:book03,
    author = {Jaynes, E. T.},
    publisher = {Cambridge University Press},
    title = {Probability Theory: The Logic of Science (Vol 1)},
    year = {2003}
}

@article{jermyn:as05,
	location = {http://www.scientificcommons.org/21895700},
	title = {Invariant Bayesian estimation on manifolds},
	author = {Jermyn, Ian H.},
	year = {2005},
	journal  = "The Annals of Statistics",
  volume = "35",
  number = "2",
  url = {http://arxiv.org/abs/math/0506296},
}

@book{jolliffe:book86,
  author = 	 {I. T. Jolliffe},
  title = 	 {Principal Component Analysis},
  publisher = 	 {Springer-Verlag},
  year = 	 {1986}
}

@article{jones:jasa96,
          volume = {91},
          number = {433},
          author = {M. C. Jones and J. S. Marron and S. J. Sheather},
           title = {A brief survey of bandwidth selection for density estimation},
         journal = {Journal of the American Statistical Association},
           pages = {401--407},
            year = {1996},
}
@article{jones:cs96,
          number = {11},
           title = {Progress in data-based bandwidth selection for kernel density estimation},
          author = {Chris Jones and J. S. Marron and S. J. Sheather},
            year = {1996},
           pages = {337--381},
         journal = {Computational Statistics},
}


@article{jones:pnas08,
 title = {Manifold parametrizations by eigenfunctions of the Laplacian and heat kernels},
 author ={ Peter W. Jones and Mauro Maggioni and Raanan Schul},  
 journal = {PNAS},
 volume = {105},
 number ={6}, 
 year = {2008},
 pages ={1803-1808}   
}

@inproceedings{joshi:ipmi97, 
  author = {Sarang C. Joshi and Ayananshu Banerjee and Gary E. Christensen and John G. Csernansky and John W. Haller and Michael I. Miller and Lei Wang}, 
  title = {Gaussian Random Fields on Sub-Manifolds for Characterizing Brain Surfaces}, 
  booktitle = {IPMI}, 
  year = {1997},
  pages = {381--386}, 
}

@article{joshi:neuroimage04,
  title = "Unbiased diffeomorphic atlas construction for computational anatomy",
journal = "NeuroImage",
volume = "23",
year = "2004",
author = "S. Joshi and Brad Davis and Matthieu Jomier and Guido Gerig",
}

#K
@article{kegl:tpami00,
 author = {Bal\'{a}zs K\'{e}gl and Adam Krzyzak and Tam\'{a}s Linder and Kenneth Zeger},
 title = {Learning and Design of Principal Curves},
 journal = {IEEE Trans. Pattern Anal. Mach. Intell.},
 volume = {22},
 number = {3},
 year = {2000},
 issn = {0162-8828},
 pages = {281--297},
 publisher = {IEEE Computer Society},
 address = {Washington, DC, USA},
}

@inproceedings{kegl:nips02,  
  author    = {Bal{\'a}zs K{\'e}gl},  
  title     = {Intrinsic Dimension Estimation Using Packing Numbers},  
  booktitle = {NIPS},  
  year      = {2002},  
  pages     = {681-688},  
  ee        = {http://books.nips.cc/papers/files/nips15/AA25.pdf},
}

@book{khoshnevisan:book07,
   title = {Probability},
   year = {2007},  
   publisher ={American Mathematical Society}, 
   address ={Providence, Rhode Island}
}

@article{Kiehl06,
	Author = {J.T. Kiehl and C.A. Shields and J.J. Hack and W.D Collins},
	Date-Added = {2010-03-28 16:53:29 -0700},
	Date-Modified = {2010-03-28 16:56:09 -0700},
	Journal = {Climate},
	Number = {11},
	Pages = {2584-2596},
	Title = {The Climate Sensitivity of the Community Climate System Model Version 3 (CCSM3)},
	Volume = {19},
	Year = {2006}}

@inbook{kohonen:nc88,
 author = {Kohonen, Teuvo},
 title = {Self-organized formation of topologically correct feature maps},
 book = {Neurocomputing: foundations of research},
 year = {1988},
 pages = {509--521},
 publisher = {MIT Press},
 address = {Cambridge, MA, USA},
} 

@book{kohonen:book97,
  title="Self-Organizing Maps",
  author="T. Kohonen",
  year="1997",
  address="New York",
  publisher="Springer-Verlag"
}

@book{kolmogorov:book75,
  author = {A. N. Kolmogorov and S. V. Fomin},
  title = {Introductory Real Analysis},
  year = {1975},
  publisher = {Dover}
}

@book{kolmogorov:book33,
        title = {{Grundbegriffe der Wahrscheinlichkeitsrechnung}},
        author = {A. N. Kolmogorov},
        publisher = {Springer, Berlin},
        year = {1933},
}

@article{kramer:aiche91,
author={Mark A. Kramer},
title={Nonlinear principal component analysis using autoassociative neural
  networks},
journal={AIChE Journal},
volume={37},
number={2},
pages={233-243},
year={1991}
}

@book{kuehnel:book06,
  author = {Wolfgang K\"{u}hnel},
  title = "Differential Geometry",
  year = "2006",
  publisher = "AMS",
  edition = "2",
}



#L
@article{Laney06vis,
	Author = {D. Laney and P.-T. Bremer and A. Mascarenhas and P. Miller and V. Pascucci},
	Date-Added = {2010-03-21 08:44:12 -0700},
	Date-Modified = {2010-03-21 08:44:12 -0700},
	Journal = {IEEE TVCG},
	Number = {5},
	Organization = {IEEE},
	Pages = {1052-1060},
	Title = {Understanding the Structure of the Turbulent Mixing Layer in Hydrodynamic Instabilities},
	Volume = {12},
	Year = {2006}}
  
@INPROCEEDINGS{lawrence:nips04,
    author = {Neil D. Lawrence},
    title = {Gaussian process latent variable models for visualisation of high dimensional data},
    booktitle = {In NIPS},
    year = {2004}
}

@INPROCEEDINGS{lawrence:nips03,
    author = {Neil Lawrence},
    title = {Gaussian Process Latent Variable Models for Visualisation of High Dimensional Data},
    booktitle = {NIPS},
    year = {2003}
}    

@article{leblanc:jstor94,
     title = {Adaptive Principal Surfaces},
     author = {LeBlanc, Michael and Tibshirani, Robert},
     journal = {Journal of the American Statistical Association},
     volume = {89},
     number = {425},
     pages = {53--64},
     year = {1994},
     publisher = {American Statistical Association},    
}

@inproceedings{lee:iccv07,
        AUTHOR = "Lee, C.S. and Elgammal, A.M.",
        TITLE = "Modeling View and Posture Manifolds for Tracking",
        BOOKTITLE = {ICCV},
        YEAR = "2007",
        PAGES = "1-8"
}

@article{ lee:icann02,
  author = "J. Lee and M. Verleysen",
  title = "Nonlinear Projection with the Isotop Method",
  text = "J. A. Lee and M. Verleysen. Nonlinear Projection with the Isotop Method.
    In J. Dorronsoro, editor, Proceedings of ICANN'2002.",
  year = "2002",
  journal = "ICANN"
}

@inproceedings{lee:esann03,
  author    = {John Aldo Lee and
               C{\'e}dric Archambeau and
               Michel Verleysen},
  title     = {Locally Linear Embedding versus Isotop.},
  booktitle = {ESANN},
  year      = {2003},
  pages     = {527-534},
}

@book{lee:book07,
 author = {John ALdo Lee and Michel Verleysen},
 title = {Nonlinear Dimensionality Reduction},
 year = {2007},
 isbn = {	978-0-387-39350-6},
 publisher = {Springer},
 optaddress = {New York, NY, USA},
}

@article{leon:r89,
	Author = {de Leon, MJ and George, AE and Reisberg, B and Ferris, SH and Kluger, A and Stylopoulos, LA and Miller, JD and La Regina, ME and Chen, C and Cohen, J},
	Journal = {Am. J. Roentgenol.},
	Number = {6},
	Pages = {1257-1262},
	Title = {{Alzheimer's disease: longitudinal CT studies of ventricular change}},
	Volume = {152},
	Year = {1989}}

@inproceedings{levina:nips04,  
  author    = {Elizaveta Levina and Peter J. Bickel},  
  title     = {Maximum Likelihood Estimation of Intrinsic Dimension},  
  booktitle = {NIPS},  
  year      = {2004},  
}

@article{li:infoviz04,
 author = {Li, James Xinzhi},
 title = {Visualization of high-dimensional data with relational perspective map},
 journal = {Information Visualization},
 volume = {3},
 number = {1},
 year = {2004},
 pages = {49--59},
 publisher = {Palgrave Macmillan},
}

@article{li:infovis10,
 author = {Li, Jing and Martens, Jean-Bernard and van Wijk, Jarke J.},
 title = {Judging correlation from scatterplots and parallel coordinate plots},
 journal = {Information Visualization},
 volume = {9},
 number = {1},
 month = {3},
 year = {2010},
 pages = {13--30},
 publisher = {Palgrave Macmillan}
} 

@article{li:jrss91,
     title = {Sliced Inverse Regression for Dimension Reduction},
     author = {K-C. Li},
     journal = {Journal of the American Statistical Association},
     volume = {86},
     number = {414},
     pages = {pp. 316-327},
     year = {1991},
     publisher = {American Statistical Association}
    }

@article{li:jasa00,
title = "Interactive Tree-Structured Regression Via Principal Hessian
Directions",
author = "Ker-Chau Li and  Heng-Hui Lue and Chun-Houh Chen",
journal = "Journal of the American Statistical Association",
volume = "95", 
year = "2000"
}

@Manual{libSVM,
  author =	 {Chih-Chung Chang and Chih-Jen Lin},
  title =	 {{LIBSVM}: a library for support vector machines},
  year =	 {2001},
  url =	 {http://www.csie.ntu.edu.tw/~cjlin/libsvm}
}


@article{ lin:eccv06,
  author = "Tony Lin and Hongbin Zha and Snag Uk Lee",
  title = "Riemannian Manifold Learning for Nonlinear Dimensionality Reduction",
  year = "2006",
  journal = "ECCV"
}

@techreport{Lindstrom:Opt:2009,
   author={Peter Lindstrom and Mark Duchaineau},
   title={Factoring Algebraic Error for Relative Pose Estimation},
   institution={Lawrence Livermore National Laboratory},
   number={LLNL-TR-411194},
   year={2009},
}

@article{lorenzen:miccai05,
	author = {Lorenzen, Peter   and Davis, Brad  C.  and Joshi, Sarang  },
	journal = {MICCAI},
	pages = {411--418},
	title = {Unbiased Atlas Formation Via Large Deformations Metric Mapping},
	year = {2005}
}

@techreport{luxburg:tr06,
   author = {von Luxburg, U. },
   title = {A tutorial on spectral clustering},
   year = {2006},
   number = {149},
   institution = {Max Planck Institute for Biological Cybernetics}
}





#M 
@unpublished{maaten:07,
	author = {van der Maaten, L. J. P.  and Postma, E. O.  and van den Herik, H. J. },
	howpublished = {Published online.},
	keywords = {comparison, dimensionality-reduction, linear, nonlinear},
  note = "under review",
	title = {Dimensionality Reduction: A Comparative Review},
	url = {http://www.cs.unimaas.nl/l.vandermaaten/dr/DR\_draft.pdf},
	year = {2007}
}

@article{mack:ptrf82,
    journal={Probability Theory and Related Field},
    title={Weak and strong uniform consistency of kernel regression estimates},
    volume={61},
    year={1982-09-21},
    author={Y. P. Mack and B. W. Silverman},
}

@techreport{Maisonneuve82,
	Author = {F. Maisonneuve},
	Date-Added = {2010-06-17 11:06:34 -0700},
	Date-Modified = {2010-06-17 11:07:35 -0700},
	Institution = {School of Mines, Paris, France},
	Title = {Sur le partage des eaux},
	Year = {1982}}


@article{malthouse:tnn98,
  author    = {E. C. Malthouse},
  title     = {Limitations of nonlinear PCA as performed with generic neural
               networks},
  journal   = {IEEE Transactions on Neural Networks},
  volume    = {9},
  number    = {1},
  year      = {1998},
  pages     = {165-173},
}

@article{martinetz:nn94,
 author = {Thomas Martinetz and Klaus Schulten},
 title = {Topology representing networks},
 journal = {Neural Netw.},
 volume = {7},
 number = {3},
 year = {1994},
 issn = {0893-6080},
 pages = {507--522},
 publisher = {Elsevier Science Ltd.},
 address = {Oxford, UK, UK}
}

@inbook{Mascarenhas09,
	Author = {A. Mascarenhas and R. W. Grout and P.-T. Bremer and E. R. Hawkes and V. Pascucci and J.H. Chen},
	Booktitle = {Proceedings of the 3rd TopoInVis Workshop},
	Date-Added = {2010-03-21 08:44:12 -0700},
	Date-Modified = {2010-03-21 08:44:12 -0700},
	Note = {to appear},
	Publisher = {Springer},
	Rating = {0},
	Series = {Mathematics and Visualization},
	Title = {Topological feature extraction for comparison of terascale combustion simulation data},
	Year = {2010}}

  
@book{maso:book93,
  author = {Gianni Dal Maso},
  booktitle = {Introduction to $\Gamma$-convergence},
  year = {1993},
  publisher = {Birkh\"{a}user}
}

@article{meinicke:tpami05,
 author = {Peter Meinicke and Stefan Klanke and Roland Memisevic and Helge Ritter},
 title = {Principal Surfaces from Unsupervised Kernel Regression},
 journal = {IEEE TPAMI},
 volume = {27},
 number = {9},
 year = {2005},
 issn = {0162-8828},
 pages = {1379--1391},
 publisher = {IEEE Computer Society},
 address = {Washington, DC, USA},
}

@article{McKay79,
	Author = {M.D. McKay W.J. Conover and R.J. Beckman},
	Date-Added = {2010-06-18 15:43:18 -0700},
	Date-Modified = {2010-06-18 15:44:50 -0700},
	Journal = {Technometrics},
	Number = {2},
	Pages = {239-245},
	Title = {comparison of three methods for selection values of input variables in the analysis of output from a computer code},
	Volume = {22},
	Year = {1978}}

@book{Milnor63,
	Address = {New Jersey},
	Author = {J. Milnor},
	Date-Added = {2010-03-21 13:54:15 -0700},
	Date-Modified = {2010-03-21 13:54:15 -0700},
	Publisher = {Princeton University Press},
	Title = {{M}orse Theory},
	Year = 1963}

@book{modersitzki:book,
    address = {Oxford},
    author = {Jan Modersiztki},
    publisher = {Oxford University Press},
    title = {Numerical Methods for Image Registration},
    year = {2004}
}

@article{Morse25,
	Author = {M. Morse},
	Date-Added = {2010-03-21 13:54:10 -0700},
	Date-Modified = {2010-03-21 13:54:10 -0700},
	Journal = {Transactions of the American Mathematical Society},
	Month = {July},
	Pages = {345--396},
	Title = {Relations Between the Critical Points of a Real Functions of n Independent Variables},
	Volume = {27},
	Year = {1925}
}

@article{miller2002metrics,
  title={On the metrics and Euler-Lagrange equations of computational anatomy},
  author={Miller, Michael I and Trouv{\'e}, Alain and Younes, Laurent},
  journal={Annual review of biomedical engineering},
  volume={4},
  number={1},
  pages={375--405},
  year={2002},
  publisher={Annual Reviews 4139 El Camino Way, PO Box 10139, Palo Alto, CA 94303-0139, USA}
}

@article {mukherjee:acm06,
   author = {Mukherjee, Sayan and Niyogi, Partha and Poggio, Tomaso and Rifkin, Ryan},
   title = {Learning theory: stability is sufficient for generalization and necessary and sufficient for consistency of empirical risk minimization},
   journal = {Advances in Computational Mathematics},
   publisher = {Springer U.S.},
   pages = {161-193},
   volume = {25},
   year = {2006}
}



#N
@ARTICLE{navaratnam:iccv07,
title={The Joint Manifold Model for Semi-supervised Multi-valued Regression},
author={Navaratnam, R. and Fitzgibbon, A.W. and Cipolla, R.},
journal={ICCV},
year={2007},
volume={},
number={},
pages={1-8}
}

@article{nadaraya:siam64,
author = {E. A. Nadaraya},
title = {On Estimating Regression},
publisher = {SIAM},
year = {1964},
journal = {Theory of Probability and its Applications},
volume = {9},
number = {1},
pages = {141-142},
}





#O
@misc{oasis-brains,
  author = {HHMI and NRG and BIRN},
  title = "Open Access Series of Imaging Studies",  
  howpublished = "\url{http://www.oasis-brains.org}",
}

@inproceedings{Oesterling10,
	Author = {Patrick Oesterling and Christian Heine and Heike J{\"a}nicke and Gerik Scheuermann},
	Booktitle = {Proc. {IEEE} Pacific Visualization},
	Pages = {to appear},
	Title = {Visual Analysis of High Dimensional Point Clouds using Topological Landscape},
	Year = {2010}}





#P
@article{parzen:ams62,
  author  = "E. Parzen",
  title   = "On the estimation of a probability density function and the mode",
  journal = "AMS",
  year    = "1962",
  volume  = "33",
  pages   = "1065-1076"
}

@article{pascucci:tg07,
 author = {Pascucci, Valerio and Scorzelli, Giorgio and Bremer, Peer-Timo and Mascarenhas, Ajith},
 title = {Robust on-line computation of Reeb graphs: simplicity and speed},
 journal = {ACM Trans. Graph.},
 volume = {26},
 number = {3},
 year = {2007},
 pages = {58},
 publisher = {ACM},
 address = {New York, NY, USA},
 }

@article{Pascucci03alg,
	Author = {V. Pascucci and K. Cole-McLaughlin},
	Date-Added = {2010-03-21 08:48:06 -0700},
	Date-Modified = {2010-03-21 08:52:32 -0700},
	Journal = {Algorithmica},
	Month = {Oct.},
	Number = {1},
	Pages = {249--268},
	Publisher = {Springer-Verlag New York},
	Title = {Parallel Computation of the Topology of Level Sets},
	Volume = {38},
	Year = {2003}}


@article{pennec:jmiv06,
 author = {Pennec,, Xavier},
 title = {Intrinsic Statistics on Riemannian Manifolds: Basic Tools for Geometric Measurements},
 journal = {J. Math. Imaging Vis.},
 volume = {25},
 number = {1},
 year = {2006},
 pages = {127--154},
 publisher = {Kluwer Academic Publishers},
 address = {Norwell, MA, USA},
}


@article{perantonis:ijcnn99,
  author = 	 {J. S. Perantonis and v. Virvilis},
  title = 	 {Dimensionality reduction using a novel neural network based feature extraction method},
  journal = 	 {IJCNN},
  year = 	 {1999},
  volume = 	 {2},
  pages = 	 {1195--1198}
}

@inproceedings{perpinan:cvpr08,
  author = {Carreira-Perpinan M.A. and Zhengdong Lu},
  title = {Dimensionality reduction by unsupervised regression},
  booktitle = {CVPR 08 : IEEE conference on Computer Vision and Pattern Recognition},
  year ={2008}
}

@article{platt:a99,
  author = {John C. Platt}, 
  title = {Probabilities for SV Machines}, 
  journal = {Advances in Large Margin Classifiers}, 
  publisher = {MIT Press}, 
  year = {1999},
  pages = {61--74}
}

@inproceedings{pless:cvprip02,
author = "Robert Pless and Ian Simon", 
title = "Using Thousands of Images of an Object",
booktitle = "Computer Vision, Pattern Recognition and Image Processing",
year = "2002"
}

@inproceedings{pless:iccv03,
 author = {Robert Pless},
 title = {Image Spaces and Video Trajectories: Using Isomap to Explore Video Sequences},
 booktitle = {ICCV},
 year = {2003},
 isbn = {0-7695-1950-4},
 pages = {1433},
 publisher = {IEEE Computer Society},
 address = {Washington, DC, USA},
}

@book{press:book92,
 author = {William H. Press and Saul A. Teukolsky and William T. Vetterling and Brian P. Flannery},
 title = {Numerical Recipes in C: The Art of Scientific Computing},
 year = {1992},
 isbn = {0521437148},
 publisher = {Cambridge University Press},
 optaddress = {New York, NY, USA},
}





#Q




#R
@Manual{R,
    title = {R: A Language and Environment for Statistical Computing},
    author = {{R Development Core Team}},
    organization = {R Foundation for Statistical Computing},
    address = {Vienna, Austria},
    year = {2010},
    note = {{ISBN} 3-900051-07-0},
    url = {http://www.R-project.org/},
  }

@Manual{R_msr,
    title = {msr: Morse-Smale approximation, regression and visualization},
    author = {Samuel Gerber and Kristin Potter and Oliver R\"{u}bel},
    year = {2011},
    note = {R package version 0.1},
    url = {http://CRAN.R-project.org/package=msr},
  }

@Article{R:glmnet,
    title = {Regularization Paths for Generalized Linear Models via Coordinate Descent},
    author = {Jerome Friedman and Trevor Hastie and Robert Tibshirani},
    journal = {Journal of Statistical Software},
    year = {2010},
    volume = {33},
    number = {1},
    pages = {1--22},
    url = {http://www.jstatsoft.org/v33/i01/},
}

@Manual{R:e1071,
    title = {{e1071}: Misc Functions of the Department of Statistics (e1071), TU Wien},
    author = {Evgenia Dimitriadou and Kurt Hornik and Friedrich Leisch and David Meyer and Andreas Weingessel},
    year = {2010},
    note = {g{R} package version 1.5-24},
    url = {http://CRAN.R-project.org/package=e1071},
  }


  @Manual{R:earth,
    title = {earth: Multivariate Adaptive Regression Spline Models},
    author = {Stephen Milborrow},
    year = {2009},
    note = {g{R} package version 2.4-0},
    url = {http://CRAN.R-project.org/package=earth},
  }

@Manual{R:mboost,
  author = {T. Hothorn and P. Buehlmann and T. Kneib and M. Schmid and B. Hofner},
  title = {{mboost}: Model-Based Boosting},
  note = {g{R} package version 2.0-4},
  year = {2010},
  url = {http://CRAN.R-project.org/package=mboost},
}



@article{Reeb46,
	Author = {G. Reeb},
	Date-Added = {2010-03-21 08:46:06 -0700},
	Date-Modified = {2010-03-21 08:46:06 -0700},
	Journal = {Comptes Rendus Acad.Science Paris},
	Pages = {847-849},
	Title = {Sur les Points Singuliers d'une Forme de Pfaff Completement Intergrable ou d'une Fonction Numerique [On the Singular Points of a Complete Integral Pfaff Form or of a Numerical Function]},
	Volume = {222},
	Year = {1946}}
 
@Manual{rgl,
    title = {{rgl}: 3D visualization device system (OpenGL)},
    author = {Daniel Adler and Duncan Murdoch},
    year = {2010},
    note = {g{R} package version 0.92.794},
    url = {http://CRAN.R-project.org/package=rgl},
  }

@BOOK{Rijsbergen:1979,
  author = {C. van Rijsbergen},
  title  = {Information retrieval},
  edition = {second},
  publisher = {Butterworths},
  year= {1979},
}
 
@INPROCEEDINGS{rohde:isbi08,
title={Deformation-based nonlinear dimension reduction: Applications to nuclear morphometry},
author={Rohde, G.K. and Wei Wang and Tao Peng and Murphy, R.F.},
journal={ISBI},
year={2008},
volume={},
number={},
pages={500-503},
}

@article{roweis:science00,
  author = 	 {S. Roweis and L. Saul},
  title = 	 {Nonlinear dimensionality reduction by locally linear embedding},
  journal = 	 {Science},
  year = 	 {2000},
  volume = 	 {290},
  number = 	 {550},
  optpages = 	 {2323--2326}
}


@inproceedings{rifai:nips11,
    author = {
Salah Rifai and Yann N. Dauphin and Pascal Vincent and Yoshua Bengio and Xavier
Muller},
    booktitle = {Twenty-Fourth Annual Conference on Neural Information
      Processing Systems (NIPS) },
    title = {The Manifold Tangent Classifier},
    year = {2011}
}




#S
@inproceedings{sabuncu:miccai08,
  author    = {Mert R. Sabuncu and
               Serdar K. Balci and
               Polina Golland},
  title     = {Discovering Modes of an Image Population through Mixture
               Modeling},
  booktitle = {MICCAI (2)},
  year      = {2008},
  pages     = {381-389},
}

@article{scahill:neurology03,
author ="Rachael I. Scahill and Chris Frost and Rhian Jenkins and Jennifer L. Whitwell
  andMartin N. Rossor and Nick C. Fox",
title ="A Longitudinal Study of Brain Volume Changes in Normal Aging Using
  Serial Registered Magnetic Resonance Imaging",
journal = "Arch Neurol.",
year ="2003",
volume ="60(7)",
pages="989-994",
}

@article{scholkopf:nc98,
  author = 	 {Bernhard Sch\"{o}lkopf and Alexander Smola and Klaus-Robert M\"{u}ller},
  title = 	 {Nonlinear Component Analysis as a Kernel Eigenvalue Problem},
  journal = 	 {Neural Computation},
  year = 	 {1998},
  volume = 	 {10},
  pages = 	 {1299--1319}
}

@article{schuster:tas79,
     title = {Contributions to the Theory of Nonparametric Regression, with Application to System Identification},
     author = {Schuster, E. and Yakowitz, S.},
     journal = {The Annals of Statistics},
     volume = {7},
     number = {1},
     pages = {139--149},
     year = {1979},
     publisher = {Institute of Mathematical Statistics},    
}

@article{schwarz:as78,
    AUTHOR = {Schwarz, Gideon},
     TITLE = {Estimating the dimension of a model},
   JOURNAL = {Ann. Statist.},
  FJOURNAL = {The Annals of Statistics},
    VOLUME = {6},
      YEAR = {1978},
    NUMBER = {2},
     PAGES = {461--464},
      ISSN = {0090-5364},
   MRCLASS = {62F99},
  MRNUMBER = {MR0468014 (57 \#7855)},
MRREVIEWER = {Andrew Harvey}
}

@book{shao:book07,
  author= {Jun Shao},
  title = {Mathematical Statistics},
  year = {2007},
  publisher = {Springer}
}

@inproceedings{Sheikh07,
	Author = {Y.A. Sheikh and E.A. Kahn and T. Kanade},
	Booktitle = {Proc. IEEE International Conference on Computer Vision},
	Date-Added = {2010-06-17 10:42:29 -0700},
	Date-Modified = {2010-07-21 13:58:21 -0700},
	Title = {Mode-seeking by medoidshifts},
	Year = {2006}}
  
@article{shen:mmbia01,
title={HAMMER: hierarchical attribute matching mechanism for elastic registration},
author={Dinggang Shen and Davatzikos, C.},
journal={MMBIA},
year={2001},
volume={},
number={},
pages={29-36},
}
 
@article{ shi:pami00,
    author = "Jianbo Shi and Jitendra Malik",
    title = "Normalized Cuts and Image Segmentation",
    journal = "IEEE PAMI",
    volume = "22",
    number = "8",
    pages = "888-905",
    year = {2000},
    url = "citeseer.ist.psu.edu/shi97normalized.html" 
}


@book{ silverman:book86,
 author = {B. W. Silvermann},
 title = {Density Estimation for Statistics and Data Analysis},
 year = {1986},
 publisher = {Chapmann and Hall},
 optaddress = {London},
}


@article{smola:jmlr01,
 author = {Alexander J. Smola and Sebastian Mika and Bernhard Sch\"{o}lkopf and Robert C. Williamson},
 title = {Regularized principal manifolds},
 journal = {J. Mach. Learn. Res.},
 volume = {1},
 year = {2001},
 issn = {1533-7928},
 pages = {179--209},
 publisher = {MIT Press},
 address = {Cambridge, MA, USA},
}


@inproceedings{souvenir:iccv05,
  author = {Richard Souvenir and Robert Pless},
  title = {Manifold Clustering},
  booktitle = {ICCV},
  pages = {648-653},
  year = {2005},
}

@article{souvenir:icv07,
 author = {Richard Souvenir and Robert Pless},
 title = {Image distance functions for manifold learning},
 journal = {Image Vision Comput.},
 volume = {25},
 number = {3},
 year = {2007},
 issn = {0262-8856},
 pages = {365--373},
 publisher = {Butterworth-Heinemann},
 address = {Newton, MA, USA}
 }

@book{ spall:book03,
 author = {James C. Spall},
 title = {Introduction to Stochastic Search and Optimization},
 year = {2003},
 publisher = {Wiley},
 optaddress = {Hoboken, New Jersey},
}

@article{studholme:pr04,
 author = {Colin Studholme and Valerie Cardenas},
 title = {A template free approach to volumetric spatial normalization of brain anatomy},
 journal = {Pattern Recogn. Lett.},
 volume = {25},
 number = {10},
 year = {2004},
 pages = {1191--1202},
}

@article{suyash:pami06,
 author = {Suyash P. Awate and Ross T. Whitaker},
 title = {Unsupervised, Information-Theoretic, Adaptive Image Filtering for Image Restoration},
 journal = {IEEE Trans. PAMI},
 volume = {28},
 number = {3},
 year = {2006},
 issn = {0162-8828},
 pages = {364--376},
 publisher = {IEEE Computer Society},
 address = {Washington, DC, USA},
}



#T
@book{talaraich:book88,
    address = {New York},
    author = {Talairach, J. and Tournoux, P.},
    publisher = {Thieme},
    title = {Co-planar stereotaxic atlas of the human brain. 3-Dimensional proportional system: an approach to cerebral imaging},
    year = {1988}
}


@ARTICLE{talvila:amm01,
   author = {{Talvila}, E.},
    title = "{Necessary and sufficient conditions for differentiating under the integral sign}",
  journal = {The American Mathematical Monthly },
     year = {2001},
    volume = {108},
    number = {6},
    pages = {544-548},
    publisher={Mathematical Association of America},
    
}


@inproceedings{Takahashi95,
	Author = {S. Takahashi and T. Ikeda and Y. Shinigawa and T. L. Kunii and M. Ueda},
	Booktitle = {Proc. Eurographics '95},
	Month = {Sep.},
	Pages = {C-181-C-192},
	Title = {Algorithms for Extracting Correct Critical Points and Constructing Topological Graphs from Discrete Geographical Elevation Data},
	Year = {1995}}

@article{takahashi:viz09,
author = {Shigeo Takahashi and Issei Fujishiro and Masato Okada},
title = {Applying Manifold Learning to Plotting Approximate Contour Trees},
journal ={IEEE Transactions on Visualization and Computer Graphics},
volume = {15},
year = {2009},
pages = {1185-1192},
publisher = {IEEE Computer Society},
address = {Los Alamitos, CA, USA}
}

@incollection{tao:ipmi09,
   author = {Tao, Ran and Fletcher, P. Thomas and Gerber, Samuel and Whitaker, Ross},
   title = {A Variational Image-Based Approach to the Correction of Susceptibility Artifacts in the Alignment of Diffusion Weighted and Structural MRI},
   booktitle = {Information Processing in Medical Imaging},
   series = {Lecture Notes in Computer Science},
   editor = {Prince, Jerry and Pham, Dzung and Myers, Kyle},
   publisher = {Springer Berlin / Heidelberg},
   pages = {664-675},
   volume = {5636},
   year = {2009}
}


@article{tenenbaum:science00,
  author = 	 {J. B. Tenenbaum and V. de Silva and J. C. Langford},
  title = 	 {A Global Geometric Framework for Nonlinear Dimensionality Reduction},
  journal = 	 {Science},
  year = 	 {2000},
  volume = 	 {290},
  number = 	 {550},
  pages = 	 {2319--2323}
}

@article{theiler:jos90, 
author = {James Theiler}, 
journal = {J. Opt. Soc. Am. A}, 
keywords = {},
number = {6}, 
pages = {1055--1073}, 
publisher = {OSA},
title = {Estimating fractal dimension}, 
volume = {7}, 
year = {1990},
}

@article{tibshirani:pc92,
  author = {Robert Tibshirani},
  title = {Principal curves revisited},
  journal = {Statistics and Computing},
  year = {1992},
  volume = {2},
  pages = {183--190}
}

@article{tibshirani:jrss96,
     title = {Regression Shrinkage and Selection via the Lasso},
     author = {Tibshirani, Robert},
     journal = {Journal of the Royal Statistical Society. Series B (Methodological)},
     volume = {58},
     number = {1},
     pages = {pp. 267-288},
     year = {1996},
     publisher = {Blackwell Publishing for the Royal Statistical Society},
}


@article{Tomassini06,
	Author = {L. Tomassini and P. Reichert and R. Knutti and T.F. Sticker and M.E. Borsuk},
	Date-Added = {2010-03-28 16:58:38 -0700},
	Date-Modified = {2010-03-28 17:00:01 -0700},
	Journal = {Climate},
	Number = {7},
	Pages = {1239-1254},
	Title = {Robust Bayesian Uncertainty Analysis of Climate System Properties Using Markov Chain Monte Carlo Methods},
	Volume = {20},
	Year = {2006}}

@article{trosset:jcgs05,
 author = {Michael W Trosset },
 title = {Visualizing Correlation},
 journal = {Journal of Computational and Graphical Statistics},
 volume = {14},
 number = {1},
 pages = {1-19},
 year = {2005}
}



@article{twining:amath08, 
  author = {Carole J. Twining and Stephen Marsland}, 
  title = {Constructing an atlas for the diffeomorphism group of a compact manifold with boundary, with application to the analysis of image registrations}, 
  journal = {J. Comput. Appl. Math.}, 
  volume = {222}, 
  number = {2}, 
  year = {2008}, 
  pages = {411--428} 
}





#U






#V
@inproceedings{vanKreveld97,
	Author = {M. J. van Kreveld and R. van Oostrum and C. L. Bajaj and V. Pascucci and D. Schikore},
	Booktitle = {Symposium on Computational Geometry},
	Date-Added = {2010-03-21 08:47:54 -0700},
	Date-Modified = {2010-03-21 08:47:54 -0700},
	Pages = {212-220},
	Title = {Contour Trees and Small Seed Sets for Isosurface Traversal},
	Year = {1997}}
  
@inproceedings{Vedaldi08,
	Author = {A. Vedaldi and S. Soatto},
	Booktitle = {Proc. European Conf. on Computer Vision},
	Date-Added = {2010-06-17 10:36:08 -0700},
	Date-Modified = {2010-06-18 17:05:31 -0700},
	Pages = {705--718},
	Title = {Quick Shift and Kernel Methods for Mode Seeking},
	Year = {2008}}

@article{Vincent91,
	Author = {L. Vincent and P. Soille},
	Date-Added = {2010-06-17 10:57:27 -0700},
	Date-Modified = {2010-06-17 10:58:55 -0700},
	Journal = {{IEEE} Trans. Pattern Anal. Mach. Intell.},
	Number = {6},
	Pages = {583--598},
	Title = {Watersheds in Digital Spaces: An Efficient Algorithm Based on Immersion Simulations},
	Volume = {13},
	Year = {1991}}

@inproceedings{vlachos:kdd02,
 author = {Michail Vlachos and Carlotta Domeniconi and Dimitrios Gunopulos and George Kollios and Nick Koudas},
 title = {Non-linear dimensionality reduction techniques for classification and visualization},
 booktitle = {KDD '02},
 year = {2002},
 isbn = {1-58113-567-X},
 pages = {645--651},
 location = {Edmonton, Alberta, CA},
 publisher = {ACM Press}
}





#W
@inproceedings{walter:kdd02,
 author = {Walter, J\"{o}rg A. and Ritter, Helge},
 title = {On interactive visualization of high-dimensional data using the hyperbolic plane},
 booktitle = {KDD '02: Proceedings of the eighth ACM SIGKDD international conference on Knowledge discovery and data mining},
 year = {2002},
 pages = {123--132},
 publisher = {ACM},
 address = {New York, NY, USA},
}

@inproceedings{wang:ecml08,
 author = {Wang, Xiaoxia and Ti\v{n}o, Peter and Fardal, Mark A.},
 title = {Multiple Manifolds Learning Framework Based on Hierarchical Mixture Density Model},
 booktitle = {ECML PKDD '08: Proceedings of the European conference on Machine Learning and Knowledge Discovery in Databases - Part II},
 year = {2008},
 isbn = {978-3-540-87480-5},
 pages = {566--581},
 publisher = {Springer-Verlag},
 address = {Berlin, Heidelberg},
 }

@article{wang:prl06,
 author = {Wang, Haonan and Lee, Thomas C. M.},
 title = {Automatic parameter selection for a k-segments algorithm for computing principal curves},
 journal = {Pattern Recogn. Lett.},
 volume = {27},
 number = {10},
 month = {july},
 year = {2006},
 pages = {1142--1150},
 publisher = {Elsevier Science Inc.},
 address = {New York, NY, USA},
} 


@article{watson:s64,
	author = {Watson, G. },
	journal = {Sankhya, Series},
	keywords = {bibtex-import},
	number = {26},
	pages = {359--372},
	title = {Smooth regression analysis},
	volume = {A},
	year = {1964}
}

@article{Weber07tvcg,
	Author = {G. Weber and P.-T. Bremer and V. Pascucci},
	Date-Added = {2010-03-21 08:42:01 -0700},
	Date-Modified = {2010-06-18 17:16:49 -0700},
	Journal = {{IEEE} Trans. on Vis. and Comp. Graphics},
	Number = {6},
	Pages = {1077-2626},
	Title = {Topological Landscapes: A Terrain Metaphor for Scientific Data},
	Volume = {13},
	Year = {2007}}

@inbook{Weber09topo,
	Author = {G. Weber and P.-T. Bremer and J. Bell and M. Day and V. Pascucci},
	Booktitle = {Proc. 3rd of TopoInVis Workshop},
	Date-Added = {2010-03-21 08:42:01 -0700},
	Date-Modified = {2010-03-21 08:42:01 -0700},
	Note = {to appear},
	Publisher = {Springer},
	Series = {Mathematics and Visualization},
	Title = {Feature Tracking Using {R}eeb graphs},
	Year = {2010}}
  
@article{Webster04,
	Author = {M. Webster and C. Forest and J. Reilly and M. Babiker and D. Kicklighter and M. Mayer and R. Prinn and M. Sarofim and A. Sokolov and P. Stone and C. Wang},
	Date-Added = {2010-03-28 16:49:19 -0700},
	Date-Modified = {2010-03-28 16:51:18 -0700},
	Journal = {Climate Change},
	Number = {3},
	Pages = {295-320},
	Title = {Uncertainty Analysis of Climate Change and Policy Response},
	Volume = {61},
	Year = {2003}}

@inproceedings{weinberger:icml04,
 author = {Kilian Q. Weinberger and Fei Sha and Lawrence K. Saul},
 title = {Learning a kernel matrix for nonlinear dimensionality reduction},
 booktitle = {ICML},
 year = {2004},
 isbn = {1-58113-828-5},
 pages = {106},
 location = {Banff, Alberta, Canada},
 publisher = {ACM Press},
 address = {New York, NY, USA}
}

@book{ werschulz:book91,
 author = {Arthur G. Werschulz},
 title = {The computational complexity of differential and integral equations},
 year = {1991},
 isbn = {0-19-853589-9},
 publisher = {Oxford Press}
}


@inproceedings{wilkinson:infovis05,  
  title={Graph-theoretic scagnostics},
  author={Wilkinson, L. and Anand, A. and Grossman, R.},
  booktitle={Information Visualization, 2005. INFOVIS 2005. IEEE Symposium on},
  pages={157--164},
  year={2005},
  organization={IEEE}
}


@article{wolz:neuroimage09,
  title = "LEAP: Learning embeddings for atlas propagation",
journal = "NeuroImage",
volume = "49",
number = "2",
pages = "1316 - 1325",
year = "2010",
author = "Robin Wolz and Paul Aljabar and Joseph V. Hajnal and Alexander Hammers and Daniel Rueckert"
}

@article{wolz:neuroimage10,
    author = {Wolz, Robin and Aljabar, Paul and Hajnal, Joseph V. and Hammers, Alexander and Rueckert, Daniel and {the Alzheimer's Disease Neuroimaging Initiative}},
    journal = {NeuroImage},
    number = {2},
    pages = {1316--1325},
    title = {LEAP: learning embeddings for atlas propagation.},
    volume = {49},
    year = {2010}
}


@article{woods:hbm99,
  author ={Roger P. Woods and Mirella Dapretto and  Nancy L. Sicotte and Arthur W. Toga
    and John C. Mazziotta},
  title = {Creation and use of a Talairach-compatible atlas for accurate,
    automated, nonlinear intersubject registration, and analysis of functional
      imaging data},
  journal = {Human Brain Mapping},
  volume = {8},
  number = {2-3},
  pages =  {73-79},
  year ={1999}
 
}





#Y
@inproceedings{yang:infoviz05,
 author = {Yang, Cheng-Chih and Chiang, Cheng-Chieh and Hung, Yi-Ping and Lee, Greg C.},
 title = {Visualization for High-Dimensional Data: VisHD},
 booktitle = {IV '05: Proceedings of the Ninth International Conference on Information Visualisation},
 year = {2005},
 pages = {692--696},
 publisher = {IEEE Computer Society},
 address = {Washington, DC, USA},
}
 
@inproceedings{yang:ijcnn05,
 author = {Jian Yang and Fuxin Li and Jue Wang},
 title = {A better scaled local tangent space alignment algorithm},
 booktitle = {IJCNN},
 volume = {2},
 year = {2005},
 pages = {1006--1011}
}

@ARTICLE{yan:ip09,
title={Synchronized Submanifold Embedding for Person-Independent Pose Estimation and Beyond},
author={Shuicheng Yan and Huan Wang and Yun Fu and Jun Yan and Xiaoou Tang and Huang, T.S.},
journal={Image Processing, IEEE Transactions on},
year={2009},
volume={18},
number={1},
pages={202-210},
}

@inproceedings{ye:kdd04,
 author = {Jieping Ye and Ravi Janardan and Qi Li},
 title = {GPCA: an efficient dimension reduction scheme for image compression and retrieval},
 booktitle = {KDD '04},
 year = {2004},
 isbn = {1-58113-888-1},
 pages = {354--363},
 optlocation = {Seattle, WA, USA},
 publisher = {ACM Press}
}

@article{yeh:ccr98,
	Author = {I. -C. Yeh},
	Journal = {Cement and Concrete Research},
	Number = {12},
	Pages = {1797 - 1808},
	Title = {Modeling of strength of high-performance concrete using artificial neural networks},
	Volume = {28},
	Year = {1998}}


@article{younes:neuroimage09,
title = "Evolutions equations in computational anatomy",
journal = "NeuroImage",
volume = "45",
number = "1, Supplement 1",
pages = "S40 - S50",
year = "2009",
author = "Laurent Younes and Felipe Arrate and Michael I. Miller"
}


@article{younes:fcm05,
    journal = "Foundations of Computational Mathematics",
    title  = "Metamorphoses Through Lie Group Action",
    volume = "5",
    year = "2005",
    author  = "Alain Trouvé and Laurent Younes"
}

#Z
@article{zhang:siam05,
 author = {Zhenyue Zhang and Hongyuan Zha},
 title = {Principal Manifolds and Nonlinear Dimensionality  Reduction via Tangent Space Alignment},
 journal = {SIAM J. Sci. Comput.},
 volume = {26},
 number = {1},
 year = {2005},
 issn = {1064-8275},
 pages = {313--338},
 optpublisher = {Society for Industrial and Applied Mathematics},
 optaddress = {Philadelphia, PA, USA},
}

@inproceedings{zhang:cvpr06,
 author = {Qilong Zhang and Richard Souvenir and Robert Pless},
 title = {On Manifold Structure of Cardiac MRI Data: Application to Segmentation},
 booktitle = {CVPR 2006},
 year = {2006},
 isbn = {0-7695-2597-0},
 pages = {1092--1098},
 publisher = {IEEE},
}

@article{zhang:cagd07,
 author = {Zhang, Qin and Xu, Guoliang},
 title = {Curvature computations for n-manifolds in Rn+m and solution to an open problem proposed by R. Goldman},
 journal = {Comput. Aided Geom. Des.},
 volume = {24},
 number = {2},
 year = {2007},
 issn = {0167-8396},
 pages = {117--123},
 publisher = {Elsevier Science Publishers B. V.},
 address = {Amsterdam, The Netherlands, The Netherlands},
}

@inproceedings{Zhu07,
	Author = {X. Zhu and R. Sarkar and J. Gao},
	Booktitle = {Proc. INFOCOM},
	Date-Added = {2010-06-17 10:40:30 -0700},
	Date-Modified = {2010-06-17 10:41:42 -0700},
	Pages = {1838--1846},
	Title = {Shape segmentation and applications in sensor networks},
	Year = {2007}}

  
@incollection{zhu:miccai11,
   author = {Peihong Zhu and Suyash Awate and Samuel Gerber and Ross Whitaker},
   title = {Fast Shape-Based Nearest-Neighbor Search for Brain MRIs Using Hierarchical Feature Matching},
   booktitle = {Medical Image Computing and Computer-Assisted Intervention, MICCAI 2011},
   series = {Lecture Notes in Computer Science},
   editor = {Fichtinger, Gabor and Martel, Anne and Peters, Terry},
   publisher = {Springer Berlin / Heidelberg},
   pages = {484-491},
   volume = {6892},
   year = {2011}
}


@INPROCEEDINGS{zoellei:iccv05,
    author = {Lilla Z\"{o}llei and Erik Learned-Miller and Eric Grimson and William Wells},
    title = {Efficient population registration of 3d data},
    booktitle = {in ICCV, vol. 3765 of LNCS},
    year = {2005},
    pages = {291--301}
}

